@misc{rustbooktraits,
  author = {Steve Klabnik and Carol Nichols and Chris Krycho and {Rust Community}},
  title = {{T}raits: {D}efining {S}hared {B}ehavior - {T}he {R}ust {P}rogramming
           {L}anguage},
  url = {https://doc.rust-lang.org/book/ch10-02-traits.html},
  urldate = {2025-10-03},
  year = {2025},
  language = {en},
}

@misc{rustbookIteratorPerformance,
  author = {Steve Klabnik and Carol Nichols and Chris Krycho and {Rust Community}},
  title = {{C}omparing {P}erformance: {L}oops vs. {I}terators - {T}he {R}ust {P}rogramming {L}anguage},
  url = {https://doc.rust-lang.org/book/ch13-04-performance.html},
  urldate = {2025-10-03},
  year = {2025},
  language = {en},
}

@book{diestel2025graph,
  title = {Graph theory},
  author = {Diestel, Reinhard},
  volume = {173},
  year = {2025},
  publisher = {Springer Nature},
}

@misc{stackoverflowZerocostAbstractions,
  title = {{Z}ero-cost abstractions: performance of for-loop vs. iterators --- stackoverflow.com},
  url = {https://stackoverflow.com/questions/52906921/zero-cost-abstractions-performance-of-for-loop-vs-iterators},
  urldate = {2025-10-03},
  year = {2018},
}

@misc{bheislerAnalysisProcess,
	title = {{A}nalysis {P}rocess - {C}riterion.rs {D}ocumentation --- bheisler.github.io},
  url = {https://bheisler.github.io/criterion.rs/book/analysis.html},
	urldate = {2025-10-09},
	year = {},
}

@misc{gungraunrust,
	title = {Gungraun},
	url = {https://github.com/gungraun/gungraun},
	urldate = {2025-10-09},
	year = {},
}

@online{ownership,
  author = {Steve Klabnik and Carol Nichols and Chris Krycho and {Rust Community}},
	title = {{U}nderstanding {O}wnership --- doc.rust-lang.org},
	url = {https://doc.rust-lang.org/book/title-page.html},
	year = {2025},
	urldate = {2025-10-10},
}

@misc{criterionrust,
  title = {Criterion},
  booktitle = {Docs.rs},
  url = {https://github.com/bheisler/criterion.rs},
  urldate = {2025-09-29},
  language = {en},
}


@book{lamport1994latex,
  title = {{LATEX}: a document preparation system: user's guide and reference
           manual},
  author = {Lamport, Leslie},
  year = {1994},
  publisher = {Addison-wesley},
}

@book{kottwitzlatex2021,
  title = {{LaTeX} beginner's guide : create visually appealing texts, articles,
           and books for business and science using {LaTeX}},
  author = {Kottwitz, Stefan},
  year = {2021},
  publisher = {Packt},
  note = {ISBN: 9781801072588},
}

@misc{uor_refernce_style,
  author = {{University of Reading}},
  title = {Different styles \& systems of referencing: Guidance on citing
           references for students at the University of Reading},
  year = {2023},
  url = {https://libguides.reading.ac.uk/citing-references/referencingstyles},
  note = {(accessed June 6, 2023)},
}

@misc{uor_plagiarism,
  author = {{University of Reading}},
  title = {Avoiding unintentional plagiarism: Guidance on citing references for
           students at the University of Reading},
  year = {2023},
  url = {https://libguides.reading.ac.uk/citing-references/avoidingplagiarism},
  note = {(accessed June 6, 2023)},
}

